<record><leader>00000cas a2200000 a 4500</leader><controlfield tag="001">34786760</controlfield><controlfield tag="006">m     o  d        </controlfield><controlfield tag="007">cr mn|||||||||</controlfield><controlfield tag="008">960524d19951997fludn neo     0    0eng c</controlfield><datafield ind1=" " ind2=" " tag="010"><subfield code="a">sn 96027058 </subfield></datafield><datafield ind1=" " ind2=" " tag="040"><subfield code="a">FUG</subfield><subfield code="b">eng</subfield><subfield code="c">FUG</subfield><subfield code="d">OCLCQ</subfield><subfield code="d">OCLCF</subfield><subfield code="d">OCLCO</subfield></datafield><datafield ind1=" " ind2=" " tag="012"><subfield code="i">9605</subfield></datafield><datafield ind1="1" ind2=" " tag="029"><subfield code="a">OCLCS</subfield><subfield code="b">27874</subfield></datafield><datafield ind1="1" ind2=" " tag="029"><subfield code="a">OCLCS</subfield><subfield code="b">OP-29562</subfield></datafield><datafield ind1="1" ind2=" " tag="029"><subfield code="a">AU@</subfield><subfield code="b">000012500155</subfield></datafield><datafield ind1="1" ind2=" " tag="029"><subfield code="a">NZ1</subfield><subfield code="b">12143410</subfield></datafield><datafield ind1="1" ind2=" " tag="029"><subfield code="a">NZ1</subfield><subfield code="b">13114438</subfield></datafield><datafield ind1="1" ind2=" " tag="029"><subfield code="a">NZ1</subfield><subfield code="b">14557422</subfield></datafield><datafield ind1="1" ind2=" " tag="029"><subfield code="a">NZ1</subfield><subfield code="b">14857806</subfield></datafield><datafield ind1=" " ind2=" " tag="042"><subfield code="a">pcc</subfield></datafield><datafield ind1=" " ind2=" " tag="043"><subfield code="a">n-us-fl</subfield></datafield><datafield ind1="0" ind2=" " tag="130"><subfield code="a">Independent Florida alligator (Online)</subfield></datafield><datafield ind1="1" ind2="0" tag="245"><subfield code="a">Independent Florida alligator</subfield><subfield code="h">[electronic resource].</subfield></datafield><datafield ind1="1" ind2="3" tag="246"><subfield code="a">Alligator online</subfield></datafield><datafield ind1="3" ind2="0" tag="246"><subfield code="a">Florida alligator</subfield></datafield><datafield ind1="3" ind2="0" tag="246"><subfield code="a">Alligator</subfield></datafield><datafield ind1=" " ind2=" " tag="250"><subfield code="a">Online ed.</subfield></datafield><datafield ind1=" " ind2=" " tag="260"><subfield code="a">Gainesville, FL :</subfield><subfield code="b">Campus Communications,</subfield><subfield code="c">1995-[1997]</subfield></datafield><datafield ind1=" " ind2=" " tag="310"><subfield code="a">Daily (except Saturdays, Sundays, holidays and exam periods, Aug.-Apr.); semiweekly (May-July)</subfield></datafield><datafield ind1="0" ind2=" " tag="362"><subfield code="a">Aug. 18, 1995-</subfield></datafield><datafield ind1="1" ind2=" " tag="362"><subfield code="a">Ceased Jan. 23, 1997.</subfield></datafield><datafield ind1=" " ind2=" " tag="500"><subfield code="a">Title from title screen.</subfield></datafield><datafield ind1=" " ind2=" " tag="538"><subfield code="a">Mode of access: World Wide Web.</subfield></datafield><datafield ind1=" " ind2=" " tag="580"><subfield code="a">Print ed.: Independent Florida alligator.</subfield></datafield><datafield ind1=" " ind2=" " tag="588"><subfield code="a">Latest issue consulted: Jan. 22, 1997.</subfield></datafield><datafield ind1="2" ind2="0" tag="610"><subfield code="a">University of Florida</subfield><subfield code="x">Students.</subfield></datafield><datafield ind1=" " ind2="0" tag="651"><subfield code="a">Gainesville (Fla.)</subfield><subfield code="v">Newspapers.</subfield></datafield><datafield ind1=" " ind2="0" tag="651"><subfield code="a">Alachua County (Fla.)</subfield><subfield code="v">Newspapers.</subfield></datafield><datafield ind1=" " ind2="7" tag="655"><subfield code="a">Newspapers.</subfield><subfield code="2">fast</subfield><subfield code="0">(OCoLC)fst01423814</subfield></datafield><datafield ind1="2" ind2="7" tag="610"><subfield code="a">University of Florida.</subfield><subfield code="2">fast</subfield><subfield code="0">(OCoLC)fst00532963</subfield></datafield><datafield ind1=" " ind2="7" tag="650"><subfield code="a">Students.</subfield><subfield code="2">fast</subfield><subfield code="0">(OCoLC)fst01136041</subfield></datafield><datafield ind1=" " ind2="7" tag="651"><subfield code="a">Florida</subfield><subfield code="z">Alachua County.</subfield><subfield code="2">fast</subfield><subfield code="0">(OCoLC)fst01214687</subfield></datafield><datafield ind1=" " ind2="7" tag="651"><subfield code="a">Florida</subfield><subfield code="z">Gainesville.</subfield><subfield code="2">fast</subfield><subfield code="0">(OCoLC)fst01207243</subfield></datafield><datafield ind1=" " ind2=" " tag="752"><subfield code="a">United States</subfield><subfield code="b">Florida</subfield><subfield code="c">Alachua</subfield><subfield code="d">Gainesville.</subfield></datafield><datafield ind1="1" ind2=" " tag="776"><subfield code="t">Independent Florida alligator</subfield><subfield code="x">0889-2423</subfield><subfield code="w">(DLC)sn 86010448</subfield><subfield code="w">(OCoLC)13827512</subfield></datafield><datafield ind1="0" ind2="0" tag="785"><subfield code="t">Alligator online</subfield><subfield code="w">(DLC)sn 97027667</subfield><subfield code="w">(OCoLC)36278119</subfield></datafield><datafield ind1=" " ind2=" " tag="850"><subfield code="a">FU</subfield></datafield><datafield ind1="4" ind2=" " tag="856"><subfield code="u">http://www.alligator.org/</subfield></datafield></record>